@Book{mostly,
	author = {Raymond Hill},
	title = {A First Course in Coding Theory },
	publisher = {Oxford University Press},
	year = {1986},
}
@book{rarely,
    author    = {J.H. van Lint},
    title     = {Introduction from Coding Theory},
    year      = {1991},
    publisher = {Springer},
    OPTedition = {3}
}
